@article{Szalay,
author = {Alexander S. Szalay and Gordon Bell and Jan Vandenberg and Alainna Wonders and Randal Burns and Dan Fay and Jim Heasley and Tony Hey and Maria Nieto-Santisteban and Ani Thakar and Catharine van Ingen and Richard Wilton},
title = "{GrayWulf: Scalable Clustered Architecture for Data Intensive Computing}",
journal ={HICSS},
year = {2009},
}

@article{Asfalg,
author = {A{\ss}falg, Johannes and Kriegel, Hans-Peter and Kr\"{o}ger, Peer and Kunath, Peter and Pryakhin, Alexey and Renz, Matthias},
title = "{Similarity Search on Time Series based on Threshold Queries}",
journal ={EDBT},
year = {2006},
}

@article{Lopez,
author = {Julio C. Lopez and David R. O'Hallaron and Tiankai Tu},
title = "{Big Wins With Small Application-aware Caches }",
journal ={Supercomputing},
year = {2004},
}

@article{KanovSC11,
 author = {Kanov, Kalin and Perlman, Eric and Burns, Randal and Ahmad, Yanif and Szalay, Alexander},
 title = {I/O Streaming Evaluation of Batch Queries for Data-intensive Computational Turbulence},
 journal = {Supercomputing},
 year = {2011},
} 


@article{KanovSC12,
 author = {Kanov, Kalin and Burns, Randal and Eyink, Greg and Meneveau, Charles and Szalay, Alexander},
 title = {Data-intensive Spatial Filtering in Large Numerical Simulation Datasets},
 journal = {Supercomputing},
 year = {2012},
} 